<record><leader>00000cas a22000007a 4500</leader><controlfield tag="001">28392280</controlfield><controlfield tag="008">930707d18411843njumr ne      0    0eng d</controlfield><datafield ind1=" " ind2=" " tag="010"><subfield code="a">sn 93062958 </subfield></datafield><datafield ind1=" " ind2=" " tag="040"><subfield code="a">YOX</subfield><subfield code="b">eng</subfield><subfield code="c">YOX</subfield><subfield code="d">NVF</subfield><subfield code="d">OCL</subfield><subfield code="d">GUA</subfield><subfield code="d">KRTAS</subfield><subfield code="d">OCLCO</subfield></datafield><datafield ind1="1" ind2=" " tag="029"><subfield code="a">AU@</subfield><subfield code="b">000020132831</subfield></datafield><datafield ind1=" " ind2=" " tag="042"><subfield code="a">msc</subfield></datafield><datafield ind1="0" ind2="4" tag="245"><subfield code="a">The Radical, in continuation of the Working man's advocate.</subfield></datafield><datafield ind1="3" ind2=" " tag="246"><subfield code="a">Radical</subfield></datafield><datafield ind1="3" ind2=" " tag="246"><subfield code="a">Working man's advocate</subfield></datafield><datafield ind1=" " ind2=" " tag="260"><subfield code="a">Granville, N.J. :</subfield><subfield code="b">George H. Evans</subfield></datafield><datafield ind1=" " ind2=" " tag="300"><subfield code="a">v.</subfield></datafield><datafield ind1=" " ind2=" " tag="310"><subfield code="a">Monthly</subfield></datafield><datafield ind1="0" ind2=" " tag="362"><subfield code="a">Vol. 1, no. 1 (Jan. 1841)-</subfield></datafield><datafield ind1="1" ind2=" " tag="362"><subfield code="a">Ceased in Apr. 1843?</subfield></datafield><datafield ind1=" " ind2=" " tag="500"><subfield code="a">Published simultaneously in New York, N.Y. and Granville, N.J., Feb. 1842-&lt;Apr. 1843&gt;.</subfield></datafield><datafield ind1=" " ind2=" " tag="530"><subfield code="a">Also available on microfilm and online.</subfield></datafield><datafield ind1=" " ind2="0" tag="651"><subfield code="a">Granville (N.J.)</subfield><subfield code="v">Newspapers.</subfield></datafield><datafield ind1=" " ind2="0" tag="651"><subfield code="a">New York (N.Y.)</subfield><subfield code="v">Newspapers.</subfield></datafield><datafield ind1=" " ind2=" " tag="752"><subfield code="a">United States</subfield><subfield code="b">New Jersey</subfield><subfield code="d">Granville.</subfield></datafield><datafield ind1=" " ind2=" " tag="752"><subfield code="a">United States</subfield><subfield code="b">New York</subfield><subfield code="c">New York</subfield><subfield code="d">New York.</subfield></datafield><datafield ind1="1" ind2=" " tag="776"><subfield code="t">Radical, in continuation of the Working man's advocate (Online)</subfield><subfield code="w">(DLC)  2007233770</subfield><subfield code="w">(OCoLC)70834484</subfield></datafield><datafield ind1="0" ind2="0" tag="780"><subfield code="t">Working man's advocate (New York, N.Y. : 1830)</subfield><subfield code="w">(DLC)sn 83030392</subfield><subfield code="w">(OCoLC)9486075</subfield></datafield><datafield ind1="0" ind2="0" tag="785"><subfield code="t">Working man's advocate (New York, N.Y. : 1844)</subfield><subfield code="w">(DLC)sn 89071042</subfield><subfield code="w">(OCoLC)1929626</subfield></datafield><datafield ind1="4" ind2="1" tag="856"><subfield code="u">http://proquest.umi.com/pqdweb</subfield></datafield><datafield ind1=" " ind2=" " tag="938"><subfield code="a">Kirtas Technologies, Inc.</subfield><subfield code="b">KRTS</subfield><subfield code="n">740646</subfield></datafield></record>